@phdthesis{kra99,
   author    = {{Kravtsov}, A.\ V.},
   title     = {High-resolution simulations of structure formation in the
                Universe},
   year      = {1999},
   school    = {New Mexico State University}
}

@ARTICLE{kra02,
    author = {{Kravtsov}, A.~V. and {Klypin}, A. and {Hoffman}, Y.},
    title = "{Constrained Simulations of the Real Universe. II. Observational Signatures of Intergalactic Gas in the Local Supercluster Region}",
    journal = {\apj},
    year = 2002,
    month = jun,
    volume = 571,
    pages = {563-575}
}

@ARTICLE{rudd_etal08,
   author = {{Rudd}, D.~H. and {Zentner}, A.~R. and {Kravtsov}, A.~V.},
    title = "{Effects of Baryons and Dissipation on the Matter Power Spectrum}",
  journal = {\apj},
   eprint = {arXiv:astro-ph/0703741},
 keywords = {Cosmology: Theory, Galaxies: Clusters: General, Galaxies: Evolution, Methods: Numerical},
     year = 2008,
    month = jan,
   volume = 672,
    pages = {19-32},
      doi = {10.1086/523836},
   adsurl = {http://adsabs.harvard.edu/abs/2008ApJ...672...19R},
  adsnote = {Provided by the SAO/NASA Astrophysics Data System}
}

@ARTICLE{nagai_etal13,
   author = {{Nagai}, D. and {Lau}, E.~T. and {Avestruz}, C. and {Nelson}, K. and 
	{Rudd}, D.~H.},
    title = "{Predicting Merger-induced Gas Motions in {$\Lambda$}CDM Galaxy Clusters}",
  journal = {\apj},
archivePrefix = "arXiv",
   eprint = {1307.2251},
 keywords = {cosmology: theory, galaxies: clusters: general, X-rays: galaxies: clusters},
     year = 2013,
    month = nov,
   volume = 777,
      eid = {137},
    pages = {137},
      doi = {10.1088/0004-637X/777/2/137},
   adsurl = {http://adsabs.harvard.edu/abs/2013ApJ...777..137N},
  adsnote = {Provided by the SAO/NASA Astrophysics Data System}
}

@ARTICLE{nelson_etal14,
   author = {{Nelson}, K. and {Lau}, E.~T. and {Nagai}, D. and {Rudd}, D.~H. and 
	{Yu}, L.},
    title = "{Weighing Galaxy Clusters with Gas. II. On the Origin of Hydrostatic Mass Bias in {$\Lambda$}CDM Galaxy Clusters}",
  journal = {\apj},
archivePrefix = "arXiv",
   eprint = {1308.6589},
 primaryClass = "astro-ph.CO",
 keywords = {cosmology: theory, galaxies: clusters: general, methods: numerical, X-rays: galaxies: clusters},
     year = 2014,
    month = feb,
   volume = 782,
      eid = {107},
    pages = {107},
      doi = {10.1088/0004-637X/782/2/107},
   adsurl = {http://adsabs.harvard.edu/abs/2014ApJ...782..107N},
  adsnote = {Provided by the SAO/NASA Astrophysics Data System}
}

@ARTICLE{booth_schaye09,
   author = {{Booth}, C.~M. and {Schaye}, J.},
    title = "{Cosmological simulations of the growth of supermassive black holes and feedback from active galactic nuclei: method and tests}",
  journal = {\mnras},
archivePrefix = "arXiv",
   eprint = {0904.2572},
 keywords = {hydrodynamics , galaxies: active , galaxies: evolution , galaxies: formation , quasars: general , cosmology: theory},
     year = 2009,
    month = sep,
   volume = 398,
    pages = {53-74},
      doi = {10.1111/j.1365-2966.2009.15043.x},
   adsurl = {http://adsabs.harvard.edu/abs/2009MNRAS.398...53B},
  adsnote = {Provided by the SAO/NASA Astrophysics Data System}
}

@ARTICLE{gaspari_etal13,
   author = {{Gaspari}, M. and {Ruszkowski}, M. and {Oh}, S.~P.},
    title = "{Chaotic cold accretion on to black holes}",
  journal = {\mnras},
archivePrefix = "arXiv",
   eprint = {1301.3130},
 keywords = {black hole physics, hydrodynamics, instabilities, turbulence, methods: numerical, galaxies: ISM},
     year = 2013,
    month = jul,
   volume = 432,
    pages = {3401-3422},
      doi = {10.1093/mnras/stt692},
   adsurl = {http://adsabs.harvard.edu/abs/2013MNRAS.432.3401G},
  adsnote = {Provided by the SAO/NASA Astrophysics Data System}
}


@ARTICLE{gs17,
   author = {{Gaspari}, M. and {S{\c a}dowski}, A.},
    title = "{Unifying the Micro and Macro Properties of AGN Feeding and Feedback}",
  journal = {\apj},
archivePrefix = "arXiv",
   eprint = {1701.07030},
 primaryClass = "astro-ph.HE",
 keywords = {black hole physics, galaxies: active, galaxies: clusters: intracluster medium, galaxies: groups: general, hydrodynamics, methods: numerical },
     year = 2017,
    month = mar,
   volume = 837,
      eid = {149},
    pages = {149},
      doi = {10.3847/1538-4357/aa61a3},
   adsurl = {http://adsabs.harvard.edu/abs/2017ApJ...837..149G},
  adsnote = {Provided by the SAO/NASA Astrophysics Data System}
}

@ARTICLE{tremblay_etal16,
   author = {{Tremblay}, G.~R. and {Oonk}, J.~B.~R. and {Combes}, F. and 
	{Salom{\'e}}, P. and {O'Dea}, C.~P. and {Baum}, S.~A. and {Voit}, G.~M. and 
	{Donahue}, M. and {McNamara}, B.~R. and {Davis}, T.~A. and {McDonald}, M.~A. and 
	{Edge}, A.~C. and {Clarke}, T.~E. and {Galv{\'a}n-Madrid}, R. and 
	{Bremer}, M.~N. and {Edwards}, L.~O.~V. and {Fabian}, A.~C. and 
	{Hamer}, S. and {Li}, Y. and {Maury}, A. and {Russell}, H.~R. and 
	{Quillen}, A.~C. and {Urry}, C.~M. and {Sanders}, J.~S. and 
	{Wise}, M.~W.},
    title = "{Cold, clumpy accretion onto an active supermassive black hole}",
  journal = {\nat},
archivePrefix = "arXiv",
   eprint = {1606.02304},
     year = 2016,
    month = jun,
   volume = 534,
    pages = {218-221},
      doi = {10.1038/nature17969},
   adsurl = {http://adsabs.harvard.edu/abs/2016Natur.534..218T},
  adsnote = {Provided by the SAO/NASA Astrophysics Data System}
}

@ARTICLE{Zhuravleva2017,
   author = {{Zhuravleva}, I. and {Allen}, S.~W. and {Mantz}, A.~B. and {Werner}, N.
	},
    title = "{Gas perturbations in cool cores of galaxy clusters: effective equation of state, velocity power spectra and turbulent heating}",
  journal = {ArXiv e-prints},
archivePrefix = "arXiv",
   eprint = {1707.02304},
 primaryClass = "astro-ph.HE",
 keywords = {Astrophysics - High Energy Astrophysical Phenomena},
     year = 2017,
    month = jul,
   adsurl = {http://adsabs.harvard.edu/abs/2017arXiv170702304Z},
  adsnote = {Provided by the SAO/NASA Astrophysics Data System}
}
@ARTICLE{Fabian2017,
   author = {{Fabian}, A.~C. and {Walker}, S.~A. and {Russell}, H.~R. and 
	{Pinto}, C. and {Sanders}, J.~S. and {Reynolds}, C.~S.},
    title = "{Do sound waves transport the AGN energy in the Perseus cluster?}",
  journal = {\mnras},
archivePrefix = "arXiv",
   eprint = {1608.07088},
 keywords = {galaxies: clusters: intracluster medium, X-rays: galaxies},
     year = 2017,
    month = jan,
   volume = 464,
    pages = {L1-L5},
      doi = {10.1093/mnrasl/slw170},
   adsurl = {http://adsabs.harvard.edu/abs/2017MNRAS.464L...1F},
  adsnote = {Provided by the SAO/NASA Astrophysics Data System}
}
@ARTICLE{Morandi2017,
   author = {{Morandi}, A. and {Sun}, M. and {Mulchaey}, J. and {Nagai}, D. and 
	{Bonamente}, M.},
    title = "{Gas distribution and clumpiness in the galaxy group NGC 2563}",
  journal = {\mnras},
 keywords = {galaxies: clusters: general, cosmology: observations, large-scale structure of Universe, X-rays: galaxies: clusters},
     year = 2017,
    month = aug,
   volume = 469,
    pages = {2423-2433},
      doi = {10.1093/mnras/stx1031},
   adsurl = {http://adsabs.harvard.edu/abs/2017MNRAS.469.2423M},
  adsnote = {Provided by the SAO/NASA Astrophysics Data System}
}
@ARTICLE{Simionescu2011,
   author = {{Simionescu}, A. and {Allen}, S.~W. and {Mantz}, A. and {Werner}, N. and 
	{Takei}, Y. and {Morris}, R.~G. and {Fabian}, A.~C. and {Sanders}, J.~S. and 
	{Nulsen}, P.~E.~J. and {George}, M.~R. and {Taylor}, G.~B.},
    title = "{Baryons at the Edge of the X-ray-Brightest Galaxy Cluster}",
  journal = {Science},
archivePrefix = "arXiv",
   eprint = {1102.2429},
 primaryClass = "astro-ph.CO",
     year = 2011,
    month = mar,
   volume = 331,
    pages = {1576},
      doi = {10.1126/science.1200331},
   adsurl = {http://adsabs.harvard.edu/abs/2011Sci...331.1576S},
  adsnote = {Provided by the SAO/NASA Astrophysics Data System}
}
@ARTICLE{Simionescu2015,
   author = {{Simionescu}, A. and {Werner}, N. and {Urban}, O. and {Allen}, S.~W. and 
	{Ichinohe}, Y. and {Zhuravleva}, I.},
    title = "{A Uniform Contribution of Core-collapse and Type Ia Supernovae to the Chemical Enrichment Pattern in the Outskirts of the Virgo Cluster}",
  journal = {\apjl},
archivePrefix = "arXiv",
   eprint = {1506.06164},
 keywords = {galaxies: clusters: individual: Virgo Cluster, galaxies: clusters: intracluster medium, ISM: abundances, X-rays: galaxies: clusters},
     year = 2015,
    month = oct,
   volume = 811,
      eid = {L25},
    pages = {L25},
      doi = {10.1088/2041-8205/811/2/L25},
   adsurl = {http://adsabs.harvard.edu/abs/2015ApJ...811L..25S},
  adsnote = {Provided by the SAO/NASA Astrophysics Data System}
}
@ARTICLE{Krause2007,
   author = {{Krause}, M. and {Alexander}, P.},
    title = "{Simulations of multiphase turbulence in jet cocoons}",
  journal = {\mnras},
   eprint = {astro-ph/0610332},
 keywords = {hydrodynamics, instabilities, turbulence, methods: numerical, galaxies: jets},
     year = 2007,
    month = apr,
   volume = 376,
    pages = {465-478},
      doi = {10.1111/j.1365-2966.2007.11480.x},
   adsurl = {http://adsabs.harvard.edu/abs/2007MNRAS.376..465K},
  adsnote = {Provided by the SAO/NASA Astrophysics Data System}
}
@ARTICLE{Voit2018,
   author = {{Voit}, G.~M.},
    title = "{A Role for Turbulence in Circumgalactic Precipitation}",
  journal = {ArXiv e-prints},
archivePrefix = "arXiv",
   eprint = {1803.06036},
 keywords = {Astrophysics - Astrophysics of Galaxies},
     year = 2018,
    month = mar,
   adsurl = {http://adsabs.harvard.edu/abs/2018arXiv180306036V},
  adsnote = {Provided by the SAO/NASA Astrophysics Data System}
}
@ARTICLE{Dubois2016,
   author = {{Dubois}, Y. and {Peirani}, S. and {Pichon}, C. and {Devriendt}, J. and 
	{Gavazzi}, R. and {Welker}, C. and {Volonteri}, M.},
    title = "{The HORIZON-AGN simulation: morphological diversity of galaxies promoted by AGN feedback}",
  journal = {\mnras},
archivePrefix = "arXiv",
   eprint = {1606.03086},
 keywords = {methods: numerical, galaxies: active, galaxies: evolution, galaxies: formation, galaxies: kinematics and dynamics},
     year = 2016,
    month = dec,
   volume = 463,
    pages = {3948-3964},
      doi = {10.1093/mnras/stw2265},
   adsurl = {http://adsabs.harvard.edu/abs/2016MNRAS.463.3948D},
  adsnote = {Provided by the SAO/NASA Astrophysics Data System}
}
@article{Barnes2017,
author = {Barnes, David J. and Kay, Scott T. and Bahé, Yannick M. and Dalla Vecchia, Claudio and McCarthy, Ian G. and Schaye, Joop and Bower, Richard G. and Jenkins, Adrian and Thomas, Peter A. and Schaller, Matthieu and Crain, Robert A. and Theuns, Tom and White, Simon D. M.},
title = {The Cluster-EAGLE project: global properties of simulated clusters with resolved galaxies},
journal = {Monthly Notices of the Royal Astronomical Society},
volume = {471},
number = {1},
pages = {1088-1106},
year = {2017},
doi = {10.1093/mnras/stx1647},
URL = {http://dx.doi.org/10.1093/mnras/stx1647},
eprint = {/oup/backfile/content_public/journal/mnras/471/1/10.1093_mnras_stx1647/1/stx1647.pdf}
}

@ARTICLE{Tremmel2017,
   author = {{Tremmel}, M. and {Karcher}, M. and {Governato}, F. and {Volonteri}, M. and 
	{Quinn}, T.~R. and {Pontzen}, A. and {Anderson}, L. and {Bellovary}, J.
	},
    title = "{The Romulus cosmological simulations: a physical approach to the formation, dynamics and accretion models of SMBHs}",
  journal = {\mnras},
archivePrefix = "arXiv",
   eprint = {1607.02151},
 keywords = {methods: numerical, galaxies: general, quasars: supermassive black holes},
     year = 2017,
    month = sep,
   volume = 470,
    pages = {1121-1139},
      doi = {10.1093/mnras/stx1160},
   adsurl = {http://adsabs.harvard.edu/abs/2017MNRAS.470.1121T},
  adsnote = {Provided by the SAO/NASA Astrophysics Data System}
}
@ARTICLE{McDonald2017,
   author = {{McDonald}, M. and {Allen}, S.~W. and {Bayliss}, M. and {Benson}, B.~A. and 
	{Bleem}, L.~E. and {Brodwin}, M. and {Bulbul}, E. and {Carlstrom}, J.~E. and 
	{Forman}, W.~R. and {Hlavacek-Larrondo}, J. and {Garmire}, G.~P. and 
	{Gaspari}, M. and {Gladders}, M.~D. and {Mantz}, A.~B. and {Murray}, S.~S.
	},
    title = "{The Remarkable Similarity of Massive Galaxy Clusters from z {\tilde} 0 to z {\tilde} 1.9}",
  journal = {\apj},
archivePrefix = "arXiv",
   eprint = {1702.05094},
 keywords = {galaxies: clusters: general, galaxies: clusters: intracluster medium, galaxies: high-redshift, X-rays: galaxies: clusters},
     year = 2017,
    month = jul,
   volume = 843,
      eid = {28},
    pages = {28},
      doi = {10.3847/1538-4357/aa7740},
   adsurl = {http://adsabs.harvard.edu/abs/2017ApJ...843...28M},
  adsnote = {Provided by the SAO/NASA Astrophysics Data System}
}

@ARTICLE{Tremmel2018,
   author = {{Tremmel}, M. and {Quinn}, T.~R. and {Ricarte}, A. and {Babul}, A. and 
	{Chadayammuri}, U. and {Natarajan}, P. and {Nagai}, D. and {Pontzen}, A. and 
	{Volonteri}, M.},
    title = "{Introducing RomulusC: A Cosmological Simulation of a Galaxy Cluster with Unprecedented Resolution}",
  journal = {ArXiv e-prints},
archivePrefix = "arXiv",
   eprint = {1806.01282},
 keywords = {Astrophysics - Astrophysics of Galaxies},
     year = 2018,
    month = jun,
   adsurl = {http://adsabs.harvard.edu/abs/2018arXiv180601282T},
  adsnote = {Provided by the SAO/NASA Astrophysics Data System}
}


@ARTICLE{McDonald2014,
   author = {{McDonald}, M. and {Benson}, B.~A. and {Vikhlinin}, A. and {Aird}, K.~A. and 
	{Allen}, S.~W. and {Bautz}, M. and {Bayliss}, M. and {Bleem}, L.~E. and 
	{Bocquet}, S. and {Brodwin}, M. and {Carlstrom}, J.~E. and {Chang}, C.~L. and 
	{Cho}, H.~M. and {Clocchiatti}, A. and {Crawford}, T.~M. and 
	{Crites}, A.~T. and {de Haan}, T. and {Dobbs}, M.~A. and {Foley}, R.~J. and 
	{Forman}, W.~R. and {George}, E.~M. and {Gladders}, M.~D. and 
	{Gonzalez}, A.~H. and {Halverson}, N.~W. and {Hlavacek-Larrondo}, J. and 
	{Holder}, G.~P. and {Holzapfel}, W.~L. and {Hrubes}, J.~D. and 
	{Jones}, C. and {Keisler}, R. and {Knox}, L. and {Lee}, A.~T. and 
	{Leitch}, E.~M. and {Liu}, J. and {Lueker}, M. and {Luong-Van}, D. and 
	{Mantz}, A. and {Marrone}, D.~P. and {McMahon}, J.~J. and {Meyer}, S.~S. and 
	{Miller}, E.~D. and {Mocanu}, L. and {Mohr}, J.~J. and {Murray}, S.~S. and 
	{Padin}, S. and {Pryke}, C. and {Reichardt}, C.~L. and {Rest}, A. and 
	{Ruhl}, J.~E. and {Saliwanchik}, B.~R. and {Saro}, A. and {Sayre}, J.~T. and 
	{Schaffer}, K.~K. and {Shirokoff}, E. and {Spieler}, H.~G. and 
	{Stalder}, B. and {Stanford}, S.~A. and {Staniszewski}, Z. and 
	{Stark}, A.~A. and {Story}, K.~T. and {Stubbs}, C.~W. and {Vanderlinde}, K. and 
	{Vieira}, J.~D. and {Williamson}, R. and {Zahn}, O. and {Zenteno}, A.
	},
    title = "{The Redshift Evolution of the Mean Temperature, Pressure, and Entropy Profiles in 80 SPT-Selected Galaxy Clusters}",
  journal = {\apj},
archivePrefix = "arXiv",
   eprint = {1404.6250},
 primaryClass = "astro-ph.HE",
 keywords = {galaxies: clusters: general, galaxies: clusters: intracluster medium, early universe, X-rays: galaxies: clusters },
     year = 2014,
    month = oct,
   volume = 794,
      eid = {67},
    pages = {67},
      doi = {10.1088/0004-637X/794/1/67},
   adsurl = {http://adsabs.harvard.edu/abs/2014ApJ...794...67M},
  adsnote = {Provided by the SAO/NASA Astrophysics Data System}
}
@ARTICLE{Andrade-Santos2017,
   author = {{Andrade-Santos}, F. and {Jones}, C. and {Forman}, W.~R. and 
	{Lovisari}, L. and {Vikhlinin}, A. and {van Weeren}, R.~J. and 
	{Murray}, S.~S. and {Arnaud}, M. and {Pratt}, G.~W. and {D{\'e}mocl{\`e}s}, J. and 
	{Kraft}, R. and {Mazzotta}, P. and {B{\"o}hringer}, H. and {Chon}, G. and 
	{Giacintucci}, S. and {Clarke}, T.~E. and {Borgani}, S. and 
	{David}, L. and {Douspis}, M. and {Pointecouteau}, E. and {Dahle}, H. and 
	{Brown}, S. and {Aghanim}, N. and {Rasia}, E.},
    title = "{The Fraction of Cool-core Clusters in X-Ray versus SZ Samples Using Chandra Observations}",
  journal = {\apj},
archivePrefix = "arXiv",
   eprint = {1703.08690},
 keywords = {galaxies: clusters: general, large-structure of universe},
     year = 2017,
    month = jul,
   volume = 843,
      eid = {76},
    pages = {76},
      doi = {10.3847/1538-4357/aa7461},
   adsurl = {http://adsabs.harvard.edu/abs/2017ApJ...843...76A},
  adsnote = {Provided by the SAO/NASA Astrophysics Data System}
}
@ARTICLE{Rossetti2017,
   author = {{Rossetti}, M. and {Gastaldello}, F. and {Eckert}, D. and {Della Torre}, M. and 
	{Pantiri}, G. and {Cazzoletti}, P. and {Molendi}, S.},
    title = "{The cool-core state of Planck SZ-selected clusters versus X-ray-selected samples: evidence for cool-core bias}",
  journal = {\mnras},
archivePrefix = "arXiv",
   eprint = {1702.06961},
 keywords = {galaxies: clusters: general, galaxies: clusters: intracluster medium},
     year = 2017,
    month = jun,
   volume = 468,
    pages = {1917-1930},
      doi = {10.1093/mnras/stx493},
   adsurl = {http://adsabs.harvard.edu/abs/2017MNRAS.468.1917R},
  adsnote = {Provided by the SAO/NASA Astrophysics Data System}
}
@ARTICLE{Barnes2017b,
   author = {{Barnes}, D.~J. and {Vogelsberger}, M. and {Kannan}, R. and 
	{Marinacci}, F. and {Weinberger}, R. and {Springel}, V. and 
	{Torrey}, P. and {Pillepich}, A. and {Nelson}, D. and {Pakmor}, R. and 
	{Naiman}, J. and {Hernquist}, L. and {McDonald}, M.},
    title = "{A census of cool core galaxy clusters in IllustrisTNG}",
  journal = {ArXiv e-prints},
archivePrefix = "arXiv",
   eprint = {1710.08420},
 keywords = {Astrophysics - Cosmology and Nongalactic Astrophysics, Astrophysics - Astrophysics of Galaxies},
     year = 2017,
    month = oct,
   adsurl = {http://adsabs.harvard.edu/abs/2017arXiv171008420B},
  adsnote = {Provided by the SAO/NASA Astrophysics Data System}
}
@ARTICLE{OHara2006,
   author = {{O'Hara}, T.~B. and {Mohr}, J.~J. and {Bialek}, J.~J. and {Evrard}, A.~E.
	},
    title = "{Effects of Mergers and Core Structure on the Bulk Properties of Nearby Galaxy Clusters}",
  journal = {\apj},
   eprint = {astro-ph/0510064},
 keywords = {Galaxies: Clusters: General, Galaxies: Intergalactic Medium, X-Rays: Galaxies: Clusters},
     year = 2006,
    month = mar,
   volume = 639,
    pages = {64-80},
      doi = {10.1086/499327},
   adsurl = {http://adsabs.harvard.edu/abs/2006ApJ...639...64O},
  adsnote = {Provided by the SAO/NASA Astrophysics Data System}
}
@ARTICLE{Lau2017,
   author = {{Lau}, E.~T. and {Gaspari}, M. and {Nagai}, D. and {Coppi}, P.
	},
    title = "{Physical Origins of Gas Motions in Galaxy Cluster Cores: Interpreting Hitomi Observations of the Perseus Cluster}",
  journal = {\apj},
archivePrefix = "arXiv",
   eprint = {1705.06280},
 keywords = {cosmology: theory, galaxies: clusters: general, hydrodynamics, methods: numerical, X-rays: galaxies: clusters},
     year = 2017,
    month = nov,
   volume = 849,
      eid = {54},
    pages = {54},
      doi = {10.3847/1538-4357/aa8c00},
   adsurl = {http://adsabs.harvard.edu/abs/2017ApJ...849...54L},
  adsnote = {Provided by the SAO/NASA Astrophysics Data System}
}

@ARTICLE{Gaspari2015,
   author = {{Gaspari}, M. and {Brighenti}, F. and {Temi}, P.},
    title = "{Chaotic cold accretion on to black holes in rotating atmospheres}",
  journal = {\aap},
archivePrefix = "arXiv",
   eprint = {1407.7531},
 keywords = {accretion, accretion disks, black hole physics, hydrodynamics, galaxies: ISM, instabilities, turbulence},
     year = 2015,
    month = jul,
   volume = 579,
      eid = {A62},
    pages = {A62},
      doi = {10.1051/0004-6361/201526151},
   adsurl = {http://adsabs.harvard.edu/abs/2015A%26A...579A..62G},
  adsnote = {Provided by the SAO/NASA Astrophysics Data System}
}
@ARTICLE{Meece2015,
   author = {{Meece}, G.~R. and {O'Shea}, B.~W. and {Voit}, G.~M.},
    title = "{Growth and Evolution of Thermal Instabilities in Idealized Galaxy Cluster Cores}",
  journal = {\apj},
archivePrefix = "arXiv",
   eprint = {1503.02645},
 keywords = {galaxies: clusters: intracluster medium, instabilities},
     year = 2015,
    month = jul,
   volume = 808,
      eid = {43},
    pages = {43},
      doi = {10.1088/0004-637X/808/1/43},
   adsurl = {http://adsabs.harvard.edu/abs/2015ApJ...808...43M},
  adsnote = {Provided by the SAO/NASA Astrophysics Data System}
}

@ARTICLE{meece_etal16,
   author = {{Meece}, G.~R. and {Voit}, G.~M. and {O'Shea}, B.~W.},
    title = "{Triggering and Delivery Algorithms for AGN Feedback}",
  journal = {\apj},
archivePrefix = "arXiv",
   eprint = {1603.03674},
 keywords = {galaxies: active, galaxies: clusters: intracluster medium, galaxies: ISM, galaxies: jets, X-rays: galaxies: clusters},
     year = 2017,
    month = jun,
   volume = 841,
      eid = {133},
    pages = {133},
      doi = {10.3847/1538-4357/aa6fb1},
   adsurl = {http://adsabs.harvard.edu/abs/2017ApJ...841..133M},
  adsnote = {Provided by the SAO/NASA Astrophysics Data System}
}

@ARTICLE{Li2015,
   author = {{Li}, Y. and {Bryan}, G.~L. and {Ruszkowski}, M. and {Voit}, G.~M. and 
	{O'Shea}, B.~W. and {Donahue}, M.},
    title = "{Cooling, AGN Feedback, and Star Formation in Simulated Cool-core Galaxy Clusters}",
  journal = {\apj},
archivePrefix = "arXiv",
   eprint = {1503.02660},
 keywords = {galaxies: clusters: general, galaxies: clusters: intracluster medium, hydrodynamics},
     year = 2015,
    month = oct,
   volume = 811,
      eid = {73},
    pages = {73},
      doi = {10.1088/0004-637X/811/2/73},
   adsurl = {http://adsabs.harvard.edu/abs/2015ApJ...811...73L},
  adsnote = {Provided by the SAO/NASA Astrophysics Data System}
}
@ARTICLE{Schekochihin2009,
   author = {{Schekochihin}, A.~A. and {Cowley}, S.~C. and {Dorland}, W. and 
	{Hammett}, G.~W. and {Howes}, G.~G. and {Quataert}, E. and {Tatsuno}, T.
	},
    title = "{Astrophysical Gyrokinetics: Kinetic and Fluid Turbulent Cascades in Magnetized Weakly Collisional Plasmas}",
  journal = {\apjs},
archivePrefix = "arXiv",
   eprint = {0704.0044},
 keywords = {magnetic fields, methods: analytical, MHD, plasmas, turbulence},
     year = 2009,
    month = may,
   volume = 182,
    pages = {310-377},
      doi = {10.1088/0067-0049/182/1/310},
   adsurl = {http://adsabs.harvard.edu/abs/2009ApJS..182..310S},
  adsnote = {Provided by the SAO/NASA Astrophysics Data System}
}
@ARTICLE{Planck2016,
   author = {{Planck Collaboration} and {Ade}, P.~A.~R. and {Aghanim}, N. and 
	{Arnaud}, M. and {Ashdown}, M. and {Aumont}, J. and {Baccigalupi}, C. and 
	{Banday}, A.~J. and {Barreiro}, R.~B. and {Bartlett}, J.~G. and et al.},
    title = "{Planck 2015 results. XIII. Cosmological parameters}",
  journal = {\aap},
archivePrefix = "arXiv",
   eprint = {1502.01589},
 keywords = {cosmology: observations, cosmology: theory, cosmic background radiation, cosmological parameters},
     year = 2016,
    month = sep,
   volume = 594,
      eid = {A13},
    pages = {A13},
      doi = {10.1051/0004-6361/201525830},
   adsurl = {http://adsabs.harvard.edu/abs/2016A%26A...594A..13P},
  adsnote = {Provided by the SAO/NASA Astrophysics Data System}
}
@ARTICLE{Nulsen1986,
   author = {{Nulsen}, P.~E.~J.},
    title = "{Thermal instability in cooling flows}",
  journal = {MNRAS},
 keywords = {Cooling, Cooling Flows (Astrophysics), Cosmic Gases, Galactic Clusters, Intergalactic Media, Thermal Instability, X Ray Sources, Convective Heat Transfer, Gravitational Effects, Inhomogeneity, Radial Velocity},
     year = 1986,
    month = jul,
   volume = 221,
    pages = {377-392},
      doi = {10.1093/mnras/221.2.377},
   adsurl = {http://adsabs.harvard.edu/abs/1986MNRAS.221..377N},
  adsnote = {Provided by the SAO/NASA Astrophysics Data System}
}
@ARTICLE{Smith2017,
   author = {{Smith}, M.~C. and {Sijacki}, D. and {Shen}, S.},
    title = "{Supernova feedback in numerical simulations of galaxy formation: separating physics from numerics}",
  journal = {ArXiv e-prints},
archivePrefix = "arXiv",
   eprint = {1709.03515},
 keywords = {Astrophysics - Astrophysics of Galaxies},
     year = 2017,
    month = sep,
   adsurl = {http://adsabs.harvard.edu/abs/2017arXiv170903515S},
  adsnote = {Provided by the SAO/NASA Astrophysics Data System}
}
@ARTICLE{Vazza2013,
   author = {{Vazza}, F. and {Br{\"u}ggen}, M. and {Gheller}, C.},
    title = "{Thermal and non-thermal traces of AGN feedback: results from cosmological AMR simulations}",
  journal = {\mnras},
archivePrefix = "arXiv",
   eprint = {1210.3541},
 keywords = {methods: numerical, galaxies: clusters: general, intergalactic medium, large-scale structure of Universe},
     year = 2013,
    month = jan,
   volume = 428,
    pages = {2366-2388},
      doi = {10.1093/mnras/sts213},
   adsurl = {http://adsabs.harvard.edu/abs/2013MNRAS.428.2366V},
  adsnote = {Provided by the SAO/NASA Astrophysics Data System}
}
